<html>
<head><title>Communicative Format  of Russia. Examples for fields 675 - 750. </title></head>
<body bgcolor="ffffff" link="ff0000" vlink="ff00ff">
<H3><CENTER><FONT COLOR="#c71585" size=-2>МИНИСТЕРСТВО КУЛЬТУРЫ РОССИЙСКОЙ ФЕДЕРАЦИИ<br>
РОССИЙСКАЯ БИБЛИОТЕЧНАЯ АССОЦИАЦИЯ
</font></CENTER></H3>

<CENTER>
<table width="90%">
<tr><td align=center><small><font color=#800080>
<b>РОССИЙСКИЙ КОММУНИКАТИВНЫЙ ФОРМАТ <br>
ПРЕДСТАВЛЕНИЯ АВТОРИТЕТНЫХ / НОРМАТИВНЫХ ЗАПИСЕЙ 
В МАШИНОЧИТАЕМОЙ ФОРМЕ 
</b></font></small>
<p>

<b>Примеры</b>
<p>
<hr>
</td></tr>
<tr><td>
<p><small>
<B><P><A NAME="p675"><big>6-- БЛОК ИНДЕКСОВ КЛАССИФИКАЦИЙ</big></A>
</B>
<P><b>675 УНИВЕРСАЛЬНАЯ ДЕСЯТИЧНАЯ КЛАССИФИКАЦИЯ (УДК)</b>
<p><dl><dt>Пример 1.
<p><dd>100 ##$a19960315arusy0102####ca<br>
250 ##$aДробление<br>
675 ##$a622.732$cДробление$v3$zrus

<p><dt>Пример 2.
<p><dd>100 ##$a19960315arusy0102####ca<br>
250 ##$aИонный обмен$xПрименение в водоочистке<br>
675 ##$a628.337$cЭлектрические методы очистки$v3$zrus

<p><dt>Пример 3.
<p><dd>100 ##$a19960315arusy0102####ca<br>
250 ##$aАтомные электрические станции$xОборудование<br>
675 ##$a621.311.25$b621.039$cАтомные электростанции$v3$zrus

<p><dt>Пример 4.
<p><dd>100 ##$a19960315arusy0102####ca<br>
250 ##$aГаллий, арсениды$xИонное внедрение<br>
675 ##$a621.315.592$b669.046.516$cЛегирование полупроводников$v3$rus<br>
675 ##$a621.3.049.774$cПолупроводниковые интегральные схемы.Твердые схемы. Монолитные схемы$v3$zrus
<p><dt>Пример 5.
<p><dd>100##19951109arusy0103####ca<br>
152##$aРКП$bРКП<br>
200#1$aАбдулатипов$bР.Г.$gРамазан Гаджимурадович$f1946-$cГосударственный деятель России, доктор филос. наук, профессор<br>
675##$a342.53(470)(092)$zrus
</dl>
<p>
<hr>
<p>

<A NAME="p676"><b>676 ДЕСЯТИЧНАЯ КЛАССИФИКАЦИЯ ДЬЮИ (ДК ДЬЮИ)</b></A>
<p><dl><dt>Пример 1.
<p><dd>100 ##$a19960315aengy0102####ba<br>
250 ##$aGold<br>
676 ##$a669.22$cInterdisciplinary$vl9<br>
676 ##$aS49.23$cMineralogy$vl9<br>
676 ##$a553.41$cEconomicgeology$vl9
</dl>
<p>
<hr>
<p>

<A NAME="p680"><b>680 КЛАССИФИКАЦИЯ БИБЛИОТЕКИ КОНГРЕССА (КБК)</b></A>
<p><dl><dt>Пример 1.
<p><dd>100 ##$a19960315aengy0102####ba<br>
250 ##$aScaffolding<br>
680 ##$aTH5281

<p><dt>Пример 2.
<p><dd>100 ##$a19960315aengy0102####ba<br>
250 ##$aString quartet<br>
680 ##$aML1160$cHistory<br>
680 ##$aMT728$cInstruction and study
</dl>
<p>
<hr>
<p>

<A NAME="p686"><b>686 ИНДЕКСЫ ДРУГИХ КЛАССИФИКАЦИЙ</b></A>
<p><dl><dt>Пример 1.
<p><dd>100 ##$a19951109arusy0102####ca<br>
152 ##$aРКП$bРКП<br>
200 #1$aАбдулатипов$bР.Г.$gРамазан Гаджимурадович$f1946-$cГосударственный деятель России, доктор филос. наук, профессор<br>
686 ##$a10.15$zrugasnti

<p><dt>Пример 2.
<p><dd>100 ##$a19951109arusy0102####ca<br>
152 ##$aРКП$bРКП<br>
200 #0$aАвсоний$dр. ок. 310 г. ум. ок. 394 г.$cРимский поэт эпохи упадка империи<br>
686 ##$a49798(042)$zrueskl<br>
686 ##$a17$zrugasnti
</dl>
<p>
<hr>
<p>

<A NAME="p689"><b>689  БИБЛИОТЕЧНО-БИБЛИОГРАФИЧЕСКАЯ КЛАССИФИКАЦИЯ (ББК) (предварительное)</b></A>
<p><dl><dt>Пример 1.
<p><dd>100 ##$a19970516arusy0102####ca<br>
152 $arnb_sh<br>
215 $aЯлта$xНародное хозяйство$z1956<br>
*** ##$aУ03(2Р-4Крм-2Я)74$vТаблицы для научных библиотек

<p><dt>Пример 2.
<p><dd>100 ##$a19970516arusy0102####ca<br>
152 $arnb_sh<br>
250 ##$aМатематика$xФилософские вопросы<br>
*** ##$aЮ252$bВ1$cФилософия$cМатематика$vТаблицы для научных библиотек

<p><dt>Пример 3.
<p><dd>100 ##$a19970516arusy0102####ca<br>
152 $arnb_sh<br>
240 ##$1215##$aСоединенные Штаты$1230##$aКонституция$xИстория<br>
*** ##$aТ3(7США)0-52$cИстория$vТаблицы для научных библиотек<br>
*** ##$aХ809(7США)1-1$cПраво$vТаблицы для научных библиотек

<p><dt>Пример 4.
<p><dd>100 ##$a19951109arusy0102####ca<br>
152 ##$aРКП$bРКП<br>
200 #1$aАбдулатипов$bР.Г.$gРамазан Гаджимурадович$f1946- $cГосударственный деятель России, доктор филос. наук, профессор.<br>
*** ##$a67.99(2Рос)06

<p><dt>Пример 5.
<p><dd>005 19951109141236.0<br>
100 ##$a19951109arusy0102####ca<br>
152 ##$aРКП$bРКП<br>
200 #0$aАвсоний$dр. ок. 310 г. ум. ок. 394 г. $cРимский поэт эпохи упадка империи.
*** ##$a84(0)3
</dl>
<p>
<hr>
<p>

<B><P><A NAME="p700"><big>7-- БЛОК СВЯЗАННЫХ ЗАГОЛОВКОВ</big></A>
</B>

<p><b>700 СВЯЗАННЫЙ ЗАГОЛОВОК - ИМЯ ЛИЦА</b>
<p><dl><dt>Пример 1.
<p><dd><i>Запись 1 (в каталоге на английском языке)</i>
<p><dd>001 e79-392225<br>
100 ##$a19970209aengy0102####ba<br>
200 #0$aVictoria,$cQueen of Great Britain<br>
700 #0$3e79-392225$8fre$aVictoria,$creine de Grande-Bretagne

<p><dd><i>Запись 2 (в каталоге на французском языке)</i>
<p><dd>001 f79-034678<br>
100 ##$a19970209afrey0102####ba<br>
200 #0$aVictoria,$creine de Grande-Bretagne<br>
700 #0$3e79-392225$8eng$aVictoria,$cQueen of Great Britain

<p><dt>Пример 2.
<p><dd><i>Запись 1 (в каталоге в латинской графике)</i>
<p><dd>001 23469<br>
100 ##$a19970209ajpny0102####ba<br>
200 #1$aSuzuki,$bKenzi<br>
700 #1$7db$a[Имя лица в японской графике каньи]

<p><dd><i>Запись 2 (в каталоге в японской графике)</i>
<p><dd>001 36298<br>
100 ##$a19970209ajpny0102####db<br>
200 #1$a[Имя лица в японской графике каньи]<br>
700 #1$7ba$aSuzuki,$bKenzi

<p><dt>Пример 5.
<p><dd><i>Запись 1  (в каталоге на русском языке)</i>
<p><dd>100 ##$a19971210arusy0102####ca<br>
200 #1$aАзимов$bА.$gАйзек$f1920-1992$cАмериканский писатель<br>
700 #1$7ba$8eng$aAsimov$bJ.$gJzaak$f1920-1992

<p><dd><i>Запись 2  (в каталоге на английском языке)</i>
<p><dd>100 ##$a19971210arusy0102####ca<br>
200 #1$7ba$8eng$aAsimov$bJ.$gJzaak$f1920-1992<br>
700 #1$aАзимов$bА.$gАйзек$f1920-1992$cАмериканский писатель

<p><dt>Пример 6.
<p><dd><i>Запись 1 (в каталоге на русском языке)</i>
<p><dd>100 ##$a19971210arusy0102####ca<br>
200 #1$aАйнворт$bУ.Х.$gУильям Харрисон$f1805-1882<br>
700 #1$7ba$8eng$aAinsworth$bU.H.$gUilliam Harrison$f1805-1882

<p><dd><i>Запись 2 (в каталоге на английском языке)</i>
<p><dd>100 ##$a19971210arusy0102####ca<br>
200 #1$7ba$8eng$aAinsworth$bU.H.$gUilliam Harrison$f1805-1882<br>
700 #1$aАйнворт$bУ.Х.$gУильям Харрисон$f1805-1882

<p><dt>Пример 7.
<p><dd><i>Запись 1 (в каталоге на русском языке)</i>
<p><dd>100 ##$a19971210arusy0102####ca<br>
200 #1$aБерг$bК.$gКарин<br>
700 #1$7ba$8ger$aBerg$bK.$gKarin

<p><dd><i>Запись 2 (в каталоге на немецком языке)</i>
<p><dd>100 ##$a19971210arusy0102####ca<br>
200 #1$7ba$8ger$aBerg$bK.$gKarin<br>
700 #1$aБерг$bК.$gКарин

<p><dt>Пример 8.
<p><dd><i>Запись 1 (в каталоге на русском языке)</i>
<p><dd>100 ##$a19971210arusy0102####ca<br>
200 #1$aБлок$bЛ.$gЛоуренс<br>
700 #1$7ba$8eng$aBlock$b$bL.$g Lawrence

<p><dd><i>Запись 2 (в каталоге на английском языке)</i>
<p><dd>100 ##$a19971210arusy0102####ca<br>
200 #1$7ba$8eng$aBlock$bL.$g Lawrence<br>
200 #1$aБлок$bЛ.$gЛоуренс

<p><dt>Пример 9.
<p><dd><i>Запись 1 (в каталоге на русском языке) </i>
<p><dd>100 ##$a19971210arusy0102####ca<br>
200 #1$aБуало$bП.$gПьер$f1906-1989$cфранцузский писатель<br>
700 #1$7ba$8fre$aBoileau$bP.$gPierre$f1906-1989

<p><dd><i>Запись 2 (в каталоге на французском языке) </i>
<p><dd>100 ##$a19971210arusy0102####ca<br>
200 #1$7ba$8fre$aBoileau$bP.$gPierre$f1906-1989<br>
700 #1$aБуало$bП.$gПьер$f1906-1989$cфранцузский писатель

<p><dt>Пример 10.
<p><dd><i>Запись 1 (в каталоге на русском языке) </i>
<p><dd>100 ##$a19971210arusy0102####ca<br>
200 #1$aВалтари$bМ.$gМика<br>
700 #0$7ba$8fin$aMika Waltari

<p><dd><i>Запись 2</i>
<p><dd>100 ##$a19971210arusy0102####ca<br>
200 #0$7ba$8fin$aMika Waltari<br>
700 #1$aВалтари$bМ.$gМика

<p><dt>Пример 11.
<p><dd><i>Запись 1 (в каталоге на русском языке) </i>
<p><dd>001 12347<br>
100 ##$a19971210arusy0102####ca<br>
200 #1$aПушкин$bА.С.$gАлександр Сергеевич<br>
700 #1$312348$7ba$aPuskin$bA.S.$gAleksandr Sergeevic

<p><dd><i>Запись 2 (в каталоге на иностранном языке) </i>
<p><dd>001 12348<br>
100 ##$a19971210arusy0102####ca<br>
200 #1$7ba$aPuskin$bA.S.$gAleksandr Sergeevic<br>
700 #1$312347$aПушкин$bА.С.$gАлександр Сергеевич<br>
400 #1$8fre$7ba$aPouchkin$bA.S.<br>
400 #1$7ba$8eng$7ba$aPushkin$bA.S.<br>
400 #1$7ba$8ger$7ba$aPuschkin$bA.S.

<p><dt>Пример 12.
<p><dd><i>Запись 1 (в каталоге на немецком языке) </i>
<p><dd>100 ##$a19971210arusy0102####ca<br>
200 #1$7ba$8ger$aBeethoven$bL.$gLudwig van$f1770-1827<br>
700 #1$aБетховен$bЛ.$gЛюдвиг ван$f1770-1827

<p><dd><i>Запись 2 (в каталоге на русском языке) </i>
<p><dd>100 ##$a19971210arusy0102####ca<br>
200 #1$aБетховен$bЛ.$gЛюдвиг ван$f1770-1827<br>
700 #1$7ba$8ger$aBeethoven$bL.$gLudwig van$f1770-1827

<p><dt>Пример 13.
<p><dd><i>Запись 1  (в каталоге на русском языке) </i>
<p><dd>100 ##$a19971210arusy0102####ca<br>
200 #1$aСкотт$bВ.$gВальтер$f1771-1832<br>
700 #1$7ba$8eng$aScott$bW.$gWalter$f1771-1832

<p><dd><i>Запись 2  (в каталоге на английском языке) </i>
<p><dd>100 ##$a19971210arusy0102####ca<br>
200 #1$7eng$8ba$aScott$bW.$gWalter$f1771-1832<br>
700 #1$aСкотт$bВ.$gВальтер$f1771-1832

<p><dt>Пример 14.
<p><dd>100 ##$a19901119arusy0102####ca<br>
200 #1$aСолженицын$bАлександр Исаевич$f1918-<br>
700 #1$7ba$8fre$aSoljenitsyne$bAieksandr Isaevitch$f1918-<br>
700 #1$7ba$8por$aSolzhenitsyn$bAlexander Isayevich$f1918-<br>
700 #1$7ba$8spa$aSolzhenitsyn$bAleksandr Isaevich$f1918-
</dl>
<p>
<hr>
<p>
<A NAME="p710"><b>710 СВЯЗАННЫЙ ЗАГОЛОВОК - НАИМЕНОВАНИЕ ОРГАНИЗАЦИИ</b></A>
<p><dl><dt>Пример 1.
<p><dd><i>Запись 1 (в каталоге на английском языке) </i>
<p><dd>001 80-123456<br>
100 ##$a19971210aengy0102####ba<br>
210 02$aNational Library of Canada<br>
710 02$380-239876$8fre$aBibliotheque nationale du Canada

<p><dd><i>Запись 2 (в каталоге на французском языке) </i>
<p><dd>001 80-239876<br>
100 ##$a19971210aengy0102####ba<br>
210 02$aBibliotheque nationale du Canada<br>
710 02$380-123456$8eng$aNational Library of Canada

<p><dt>Пример 2.
<p><dd><i>Запись 1 (в каталоге на русском языке) </i>
<p><dd>100 ##$a19961207arusy0102####ca<br>
210 12$a"Физика высоких энергий и квантовая теория поля", международное совещ. $f(1992;$eСочи)<br>
710 12$35599$7ba$8eng$a"High energy physics and quantum field theory",  international workshop$f(1992;$eSochi)

<p><dd><i>Запись 2 (в каталоге на английском языке) </i>
<p><dd>100 ##$a19961207arusy0102####ca<br>
210 12$35599$7ba$8eng$a"High energy physics and quantum field theory",  international workshop$f(1992;$eSochi)<br>
710 12$a"Физика высоких энергий и квантовая теория поля", международное совещ. $f(1992;$eСочи)

<p><dt>Пример 3.
<p><dd><i>Запись 1 (Запись в каталоге на русском языке) </i>
<p><dd>100 ##$a19961207arusy0102####ca<br>
210 02$aИнститут почвоведения и фотосинтеза$c(Пущино)<br>
710 02$7ba$8eng$aInstitute of soil science and photosunthesis$c(Pushchino)

<p><dd><i>Запись 2 (Запись в каталоге на английском языке) </i>
<p><dd>100 ##$a19961207arusy0102####ca<br>
210 02$7ba$8eng$aInstitute of soil science and photosunthesis$c(Pushchino)<br>
710 02$aИнститут почвоведения и фотосинтеза$c(Пущино)

<p><dt>Пример 5.
<p><dd><i>Запись 1 (в каталоге на французском языке) </i>
<p><dd>100 ##$a19961207arusy0102####ca<br>
210 02$7ba$8fre$aMuseum de Georgia$c(Tbilisy)<br>
710 02$7ba$8ger$aGeorgisches Djanaschias Museum$c(Tbilissi)<br>
710 02$aМузей Грузии им.С.Н.Джанашиа$c(Тбилиси)

<p><dd><i>Запись 2 (в каталоге на немецком языке) </i>
<p><dd>100 ##$a19961207arusy0102####ca<br>
210 02$7ba$8ger$aGeorgisches Djanaschias Museum$c(Tbilissi)<br>
710 02$7ba$8fre$aMuseum de Georgia$c(Tbilisy)<br>
710 02$aМузей Грузии им.С.Н.Джанашиа$c(Тбилиси)

<p><dd><i>Запись 1 (в каталоге на русском языке) </i>
<p><dd>100 ##$a19961207arusy0102####ca<br>
210 02$aМузей Грузии им.С.Н.Джанашиа$c(Тбилиси)<br>
710 02$7ba$8fre$aMuseum de Georgia$c(Tbilisy)<br>
710 02$7ba$8ger$aGeorgisches Djanaschias Museum$c(Tbilissi)

<p><dt>Пример  6. (в каталоге на русском языке) 
<p><dd>100 ##$a19901120arusy0102####ca<br>
21012$aМеждународная школа по нейтронной физике$d(4;$eДубна,$f1982)<br>
71012$7ba$8eng$aInternational school on neutron physics$d(4;$eDubna,$f1982)

<p><dt>Пример  7.
<p><dd><i>Запись 1 (в каталоге на немецком языке) </i>
<p><dd>100 ##$a19901119arusy0102####ca<br>
210 02$7ba$8ger$aMax-Planck-Institut fur Metallforschung$c(Stuttgart)<br>
410 01$7ba$8ger$aStuttgart.$bMax-Planck-Institut fur Metallforschung<br>
710 02$aМакс-Планк ин-т исследования металлов$c(Штутгарт)

<p><dd><i>Запись 2  (в каталоге на русском языке) </i>
<p><dd>100 ##$a19901119arusy0102####ca<br>
210 02$aМакс-Планк ин-т исследования металлов$c(Штутгарт)<br>
410 01$aШтутгарт.$bМакс-Планк ин-т исследования металлов<br>
710 02$7ba$8ger$aMax-Planck-Institut fur Metallforschung$c(Stuttgart)
</dl>
<p>
<hr>
<p>

<A NAME="p715"><b>715 СВЯЗАННЫЙ ЗАГОЛОВОК - ГЕОГРАФИЧЕСКОЕ НАЗВАНИЕ</b></A>
<p><dl><dt>Пример 1.
<p><dd><i>Запись 1 (в каталоге на немецком языке) </i>
<p><dd>001 A123456<br>
100 ##$a19961207agery0102####ba<br>
215 ##$aSchweiz<br>
715 ##$3A234567$8fre$aSuisse<br>
715 ##$3A345678$8ita$aSvizzera<br>
715 ##$315555$7ca$8rus$aШвейцария

<p><dd><i>Запись 2 (в каталоге на французском языке) </i>
<p><dd>001 A234567<br>
100 ##$a19961207afrey0102####ba<br>
215 ##$aSuisse<br>
715 ##$3A123456$8ger$aSchweiz<br>
715 ##$3A345678$8ita$aSvizzera<br>
715 ##$315555$7ca$8rus$aШвейцария

<p><dd><i>Запись 3 (в каталоге на итальянском языке) </i>
<p><dd>001 A345678<br>
100 ##$a19961207aitay0102####ba<br>
215 ##$aSvizzera<br>
715 ##$3A123456$8ger$aSchweiz<br>
715 ##$3A234567$8fre$aSuisse<br>
715 ##$315555$7ca$8rus$aШвейцария

<p><dd><i>Запись 4 (в каталоге на русском языке:)</i>
<p><dd>001 15555<br>
100 ##$a19961207arusy0102####ca<br>
215 ##$aШвейцария<br>
715 ##$3A123456$7ba$8ger$aSchweiz<br>
715 ##$3A234567$7ba$8fre$aSuisse<br>
715 ##$3A345678$7ba$8ita$aSvizzera
</dl>
<p>
<hr>
<p>
<A NAME="p720"><b>720 СВЯЗАННЫЙ ЗАГОЛОВОК - РОДОВОЕ ИМЯ</b></A>
<p><dl><dt>Пример 1.
<p><dd>100 ##$a19960207aengy0102####ba<br>
220 ##$aDuecker family<br>
720 ##$8fre$aFamille de Duecker<br>
720 ##$7ca$8rus$aДюкеры

<p><dt>Пример 2.
<p><dd><i>Запись 1 (в каталоге на русском языке) </i>
<p><dd>100 ##$a19960207arusy0102####ca<br>
220 ##$aРомановы, династия<br>
420 ##$5z$aДинастия Романовых<br>
420 ##$5z$aДом Романовых<br>
720 ##$7ba$8eng$aRomanovy

<p><dd><i>Запись 2 (в каталоге на английском языке) </i>
<p><dd>100 ##$a19960207arusy0102####ca<br>
220 ##$7ba$8eng$aRomanovy<br>
420 ##$7ba$8eng$aRomanovs<br>
720 ##$aРомановы, династия
</dl>
<p>
<hr>
<p>

<A NAME="p730"><b>730 СВЯЗАННЫЙ ЗАГОЛОВОК - УНИФИЦИРОВАННОЕ ЗАГЛАВИЕ</b></A>
<p><dl><dt>Пример 1.
<p><dd>100 ##$a19960207aspay0102####ba<br>
230 ##$aCronica de los Reyes de Castilla<br>
730 ##$386123$8eng$aChronicle of the Kings of Castille

<p><dt>Пример 2.
<p><dd><i>Запись 1 (в каталоге на русском языке) </i>
<p><dd>001 395-222425<br>
100 ##$a19960207arusy0102####ca<br>
230 ##$aПеснь о Нибелунгах<br>
730 ##$395-222238$7ba$8ger$aNibelungenlied

<p><dd><i>Запись 2 (в каталоге на немецком языке) </i>
<p><dd>001 395-222238<br>
100 ##$a19960207arusy0102####ca<br>
230 ##$7ba$8ger$aNibelungenlied<br>
730 ##$395-222425$7ca$8rus$aПеснь о Нибелунгах
</dl>
<p>
<hr>
<p>

<A NAME="p740"><b>740 СВЯЗАННЫЙ ЗАГОЛОВОК - ИМЯ / ЗАГЛАВИЕ</b></A>
<p><dl><dt>Пример 1.
<p><dd>100 ##$a19960207afrey0102####ba<br>
240 ##$121002$aUniversitй Laval$1230##$aRepertoire des cours<br>
740 ##$34936289$8eng$121002$aUniversite Laval$1230##$aCourse Catalogue

<p><dt>Пример 2.
<p><dd><i>Запись 1 (в каталоге на русском языке) </i>
<p><dd>100 ##$a19960207arusy0102####ca<br>
240 ##$1215##$aБССР$1230##$aКонституция$n1978<br>
740 ##$8bel$1215##$aБССР$1230##$aКанстытуция$n1978

<p><dd><i>Запись 2 (в каталоге на белорусском языке) </i>
<p><dd>100 ##$a19960207arusy0102####ca<br>
240 ##$8bel$1215##$aБССР$1230##$aКанстытуция$n1978<br>
740 ##$1215##$aБССР$1230##$aКонституция$n1978
</dl>
<p>
<hr>
<p>

<A NAME="p750"><b>750 СВЯЗАННЫЙ ЗАГОЛОВОК - ТЕМАТИЧЕСКАЯ ПРЕДМЕТНАЯ РУБРИКА</b></A>
<p><dl><dt>Пример 1.
<p><dd><i>Запись 1 (в каталоге на английском языке) </i>
<p><dd>100 ##$a19960207aengy0102####ba<br>
250 ##$aCivil law$yQuebec (Province)$xHandbooks, manuals, etc.<br>
750 ##$8fre$aDroit civil$yQuebec (Province)$xGuides, manuels, etc.

<p><dd><i>Запись 2 (в каталоге на французском языке) </i>
<p><dd>100 ##$a19960207afrey0102####ba<br>
250 ##$aDroit civil$yQuebec (Province$xGuides, manuels, etc.<br>
750 ##$8eng$aCivil law$yQuebec (Province)$xHandbooks, manuals, etc.
</dl>



<p><center>[ <a href="content.htm">Содержание</a> ]</center>
</small>
</small></td></tr>
</table></center>

<p>
<center><HR width="90%"></center>

<center>
<ADDRESS>
<a href="mailto:RusmarcServ@nlr.ru">RusmarcServ@nlr.ru</a></ADDRESS>

<ADDRESS>
<small>&copy; National Library of Russia, 1998</small>
</ADDRESS></center>
</body>
</html>